,symbol,name,description__profile,ceo__profile,industry__profile,price__profile,currency__profile,mktCap__profile,image__profile,volAvg__profile,ipoDate__profile,pe__quote,change__quote,volume__quote,ebitda__income_statement,netIncome__income_statement,annual_earnings,quaterly_earnings,eps__income_statement,epsdiluted__income_statement,totalAssets__balance_sheet_statement,totalCurrentAssets__balance_sheet_statement,cashAndShortTermInvestments__balance_sheet_statement,totalLiabilities__balance_sheet_statement,netReceivables__balance_sheet_statement,longTermInvestments__balance_sheet_statement,totalCurrentLiabilities__balance_sheet_statement,cashAndCashEquivalents__balance_sheet_statement,freeCashFlow__cash_flow_statement,growthEBITDA__income_statement_growth,growthNetIncome__income_statement_growth,growthEPS__income_statement_growth,dividend__historical-price-full/stock_dividend,date__historical-price-full/stock_dividend,derived__netIncomeMargin,derived__debtRatio
0,AACG,ATA Creativity Global American Depositary Shares,"ATA Creativity Global, together with its subsidiaries, provides educational services to individual students through its training center network in China and internationally. Its educational services include portfolio training, research-based learning, overseas study counselling, in-school art classes through cooperation with high schools, foreign language training services, junior art education, and other related educational services to its students. The company also offers online courses for students. As of December 31, 2021, it operated through 21 training centers in 20 cities in China. The company was formerly known as ATA Inc. and changed its name to ATA Creativity Global in September 2019. ATA Creativity Global was founded in 1999 and is headquartered in Beijing, China.",Mr. Xiaofeng  Ma,Education & Training Services,0.9199,USD,14545689,https://images.financialmodelingprep.com/symbol/AACG.png,37545,2008-01-29,-5.75,0.0199,9564,-18817684,-36097777,"[{'period': '2024', 'revenue': 268.06, 'unit': 'M', 'net_profit': -36.1}, {'period': '2023', 'revenue': 221.62, 'unit': 'M', 'net_profit': -33.66}, {'period': '2022', 'revenue': 206.82, 'unit': 'M', 'net_profit': -48.59}, {'period': '2021', 'revenue': 202.21, 'unit': 'M', 'net_profit': -36.41}]","[{'period': ""Q4 '24"", 'revenue': 100.92, 'unit': 'M', 'net_profit': 13.26}, {'period': ""Q3 '24"", 'revenue': 67.25, 'unit': 'M', 'net_profit': -14.65}, {'period': ""Q2 '24"", 'revenue': 51.76, 'unit': 'M', 'net_profit': -16.75}, {'period': ""Q1 '24"", 'revenue': 48.13, 'unit': 'M', 'net_profit': -17.95}, {'period': ""Q4 '23"", 'revenue': 83.61, 'unit': 'M', 'net_profit': 8.56}, {'period': ""Q3 '23"", 'revenue': 59.45, 'unit': 'M', 'net_profit': -7.25}]",-2.3,-2.3,456927265,66639674,36523995,377281073,17887213,38000000,354495409,36523995,-23370073,0.03556042424573542,-0.07241575336127233,-0.06481481481481466,"[0.5980000000000001, 0.43]","['2018-08-27', '2011-06-28']",__nan__,0.8256917498674543
1,AACQ,Artius Acquisition Inc. Class A Common Stock,,,,,,,,,,,,,,,[],"[{'period': ""Q2 '21"", 'revenue': 0.0, 'unit': 'M', 'net_profit': 62.53}, {'period': ""Q1 '21"", 'revenue': 0.0, 'unit': 'M', 'net_profit': 16.18}, {'period': ""Q2 '20"", 'revenue': 0.0, 'unit': '', 'net_profit': 0.0}]",,,726060750,1344274,1123407,721060740,0,0,220,1123407,,,,,__nan__,__nan__,__nan__,0.9931135101298342
2,AACQU,Artius Acquisition Inc. Unit ,,,,11.05,USD,1581255000,https://images.financialmodelingprep.com/symbol/AACQU.png,12570,2020-07-14,0,0.5,4352,-71942000,-83697000,"[{'period': '2024', 'revenue': 31.28, 'unit': 'M', 'net_profit': -83.7}, {'period': '2023', 'revenue': 28.8, 'unit': 'M', 'net_profit': 23.8}, {'period': '2022', 'revenue': 0.0, 'unit': 'M', 'net_profit': 78.57}, {'period': '2021', 'revenue': 0.0, 'unit': 'M', 'net_profit': -37.05}]","[{'period': ""Q1 '25"", 'revenue': 5.43, 'unit': 'M', 'net_profit': -26.44}, {'period': ""Q4 '24"", 'revenue': 9.22, 'unit': 'M', 'net_profit': -13.52}, {'period': ""Q3 '24"", 'revenue': 8.2, 'unit': 'M', 'net_profit': -36.76}, {'period': ""Q2 '24"", 'revenue': 7.03, 'unit': 'M', 'net_profit': -19.5}, {'period': ""Q1 '24"", 'revenue': 6.83, 'unit': 'M', 'net_profit': -13.91}, {'period': ""Q4 '23"", 'revenue': 13.06, 'unit': 'M', 'net_profit': -10.44}]",-0.0006,-0.0006,378027000,139174000,102920000,39662000,21705000,0,12549000,56307000,-59783000,-3.682401193139448,-4.51697621648878,-1.0035294117647058,__nan__,__nan__,__nan__,0.10491843175222934
3,AACQW,Artius Acquisition Inc Warrant,,,,,,,,,,,,,0,0,"[{'period': '2020', 'revenue': 0.0, 'unit': '', 'net_profit': 0.0}]","[{'period': ""Q2 '21"", 'revenue': 0.0, 'unit': 'M', 'net_profit': 62.53}, {'period': ""Q4 '20"", 'revenue': 0.0, 'unit': '', 'net_profit': 0.0}]",0,0,726060750,1344274,725839883,25357720,0,0,0,1123407,-562274,0,0,0,__nan__,__nan__,__nan__,0.0349250665319672
