,symbol,name,description__profile,ceo__profile,industry__profile,price__profile,currency__profile,mktCap__profile,image__profile,volAvg__profile,ipoDate__profile,pe__quote,change__quote,volume__quote,ebitda__income_statement,netIncome__income_statement,annual_earnings,quaterly_earnings,eps__income_statement,epsdiluted__income_statement,totalAssets__balance_sheet_statement,totalCurrentAssets__balance_sheet_statement,cashAndShortTermInvestments__balance_sheet_statement,totalLiabilities__balance_sheet_statement,netReceivables__balance_sheet_statement,longTermInvestments__balance_sheet_statement,totalCurrentLiabilities__balance_sheet_statement,cashAndCashEquivalents__balance_sheet_statement,freeCashFlow__cash_flow_statement,growthEBITDA__income_statement_growth,growthNetIncome__income_statement_growth,growthEPS__income_statement_growth,dividend__historical-price-full/stock_dividend,date__historical-price-full/stock_dividend,derived__netIncomeMargin,derived__debtRatio
0,KALA,Kala Pharmaceuticals Inc. Common Stock,"Kala Pharmaceuticals, Inc., a biopharmaceutical company, focuses on the discovery, development, and commercialization of therapies using its proprietary mucus penetrating particles technology for the treatment of eye diseases. The company's product candidates include KPI-012, which is in clinical development stage for the treatment of persistent corneal epithelial defects; EYSUVIS for the short-term treatment of the signs and symptoms of dry eye disease; and INVELTYS, a topical twice-a-day ocular steroid for the treatment of post-operative inflammation and pain following ocular surgery. Its preclinical development products comprise KPI-287 that inhibits the vascular endothelial and platelet derived growth factors for the treatment of retinal diseases, including wet age-related macular degeneration, diabetic macular edema, and retinal vein occlusion; and selective glucocorticoid receptor modulators program, a novel class of compounds to regulate gene expression through the transrepression pathway while avoiding the transactivation pathway. The company was formerly known as Hanes Newco, Inc. and changed its name to Kala Pharmaceuticals, Inc. in December 2009. Kala Pharmaceuticals, Inc. was incorporated in 2009 and is headquartered in Watertown, Massachusetts.",Mr. Todd  Bazemore,Drug Manufacturers - Specialty & Generic,3.77,USD,24325548,https://images.financialmodelingprep.com/symbol/KALA.png,54247,2017-07-20,-0.51,-0.18,51047,-40983000,-38511000,"[{'period': '2024', 'revenue': 0.0, 'unit': 'M', 'net_profit': -38.51}, {'period': '2023', 'revenue': 0.0, 'unit': 'M', 'net_profit': -42.2}, {'period': '2022', 'revenue': 3890.0, 'unit': 'K', 'net_profit': -223.0}, {'period': '2021', 'revenue': 11.24, 'unit': 'M', 'net_profit': -152.3}]","[{'period': ""Q1 '25"", 'revenue': 0.0, 'unit': 'M', 'net_profit': -8.95}, {'period': ""Q4 '24"", 'revenue': 0.0, 'unit': 'M', 'net_profit': -8.18}, {'period': ""Q3 '24"", 'revenue': 0.0, 'unit': 'M', 'net_profit': -8.95}, {'period': ""Q2 '24"", 'revenue': 0.0, 'unit': 'M', 'net_profit': -9.58}, {'period': ""Q1 '24"", 'revenue': 0.0, 'unit': 'M', 'net_profit': -11.81}, {'period': ""Q4 '23"", 'revenue': 0.07, 'unit': 'M', 'net_profit': -8.63}]",-1.01,-1.01,55483000,52797000,51181000,43151000,0,0,16956000,51181000,-29590000,-0.13582949947342166,0.08739543591080358,0.94178674351585,__nan__,__nan__,__nan__,0.7777337202386316
1,KALU,Kaiser Aluminum Corporation Common Stock,"Kaiser Aluminum Corporation engages in manufacture and sale of semi-fabricated specialty aluminum mill products in the United States and internationally. The company offers rolled, extruded, and drawn aluminum products used for aerospace and defense, aluminum beverage and food packaging, automotive and general engineering products. The company's automotive extrusions include extruded aluminum products for structural components, crash management systems, anti-lock braking systems, and drawn tubes for drive shafts, as well as offers fabrication services, including sawing and cutting to length. Its packaging products consist of bare and coated 3000- and 5000-series alloy aluminum coil used for beverage and food packaging industry; and Its general engineering products comprise alloy plate, sheet, rod, bar, tube, wire, and standard extrusion shapes used in various applications, including the production of military vehicles, ordnances, semiconductor manufacturing cells, electronic devices, after-market motor sport parts, tooling plates, parts for machinery and equipment, bolts, screws, nails, and rivets. In addition, it offers rerolled, extruded, drawn, and cast billet aluminum products for industrial end uses. It sells its products directly to customers through sales personnel located in the United States, Canada, Western Europe, and China, as well as through independent sales agents in other regions of Asia, Latin America, and the Middle East. The company was founded in 1946 and is headquartered in Foothill Ranch, California.",Mr. Keith A. Harvey,Aluminum,70.49,USD,1138723586,https://images.financialmodelingprep.com/symbol/KALU.png,170586,2006-07-07,23.04,-1.9,137920,223600000,46800000,"[{'period': '2024', 'revenue': 3020.0, 'unit': 'M', 'net_profit': 46.8}, {'period': '2023', 'revenue': 3090.0, 'unit': 'M', 'net_profit': 47.2}, {'period': '2022', 'revenue': 3430.0, 'unit': 'M', 'net_profit': -29.6}, {'period': '2021', 'revenue': 2620.0, 'unit': 'M', 'net_profit': -18.5}]","[{'period': ""Q1 '25"", 'revenue': 777.4, 'unit': 'M', 'net_profit': 21.6}, {'period': ""Q4 '24"", 'revenue': 765.4, 'unit': 'M', 'net_profit': 7.1}, {'period': ""Q3 '24"", 'revenue': 747.7, 'unit': 'M', 'net_profit': 12.0}, {'period': ""Q2 '24"", 'revenue': 773.4, 'unit': 'M', 'net_profit': 3.1}, {'period': ""Q1 '24"", 'revenue': 737.5, 'unit': 'M', 'net_profit': 24.6}, {'period': ""Q4 '23"", 'revenue': 721.7, 'unit': 'M', 'net_profit': 7.6}]",2.91,2.87,2314900000,976400000,18400000,1646900000,415100000,0,400600000,18400000,-13700000,0.05571293673276676,-0.00847457627118644,-0.013559322033898317,"[0.77, 0.18]","['2025-04-25', '2007-07-25']",__nan__,0.7114346192060133
2,KALV,KalVista Pharmaceuticals Inc. Common Stock,"KalVista Pharmaceuticals, Inc., a clinical stage pharmaceutical company, discovers, develops, and commercializes small molecule protease inhibitors for diseases with unmet needs. The company's product portfolio comprises small molecule plasma kallikrein inhibitors targeting hereditary angioedema (HAE) and diabetic macular edema (DME); and oral plasma kallikrein inhibitors. Its products include KVD001, a plasma kallikrein inhibitor that completed a Phase II clinical trial for the treatment of DME; sebetralstat, which is initiation of the Phase 3 KONFIDENT trial as a potential oral, on-demand therapy for HAE attacks; KVD824, an oral product candidate for the treatment of HAE; and Factor XIIa, an oral inhibitor program which is in preclinical stage targets an enzyme in HAE. The company is headquartered in Cambridge, Massachusetts.",Mr. Benjamin L. Palleiko,Biotechnology,11.87,USD,590124172,https://images.financialmodelingprep.com/symbol/KALV.png,619198,2015-04-09,-3.15,-0.37,513573,-134280000,-126644000,"[{'period': '2024', 'revenue': 0.0, 'unit': 'M', 'net_profit': -126.64}, {'period': '2023', 'revenue': 0.0, 'unit': 'M', 'net_profit': -74.85}, {'period': '2022', 'revenue': 0.0, 'unit': 'M', 'net_profit': -68.51}, {'period': '2021', 'revenue': 12.69, 'unit': 'M', 'net_profit': -44.49}]","[{'period': ""Q3 '25"", 'revenue': 0.0, 'unit': 'M', 'net_profit': -48.51}, {'period': ""Q2 '25"", 'revenue': 0.0, 'unit': 'M', 'net_profit': -42.27}, {'period': ""Q1 '25"", 'revenue': 0.0, 'unit': 'M', 'net_profit': -40.44}, {'period': ""Q4 '24"", 'revenue': 1.21, 'unit': 'M', 'net_profit': -44.65}, {'period': ""Q3 '24"", 'revenue': 0.0, 'unit': 'M', 'net_profit': -29.03}, {'period': ""Q2 '24"", 'revenue': 0.0, 'unit': 'M', 'net_profit': -27.65}]",-3.44,-3.44,235404000,225690000,210401000,28822000,10871000,0,22807000,31789000,-89674000,-0.45790130828945225,-0.691902796147115,-0.28358208955223874,__nan__,__nan__,__nan__,0.12243632223751508
3,KARO,Karooooo Ltd. Ordinary Shares,"Karooooo Ltd. provides mobility software-as-a-service (SaaS) platform for connected vehicles in South Africa, rest of Africa, Europe, the Asia-Pacific, the Middle East, and the United States. The company offers Fleet Telematics, a fleet management SaaS platform that provides real-time insights; LiveVision, which offers pro-active risk management and fleet visibility; MiFleet advanced fleet administration and business intelligence that provides cost management and administration capability services; and Karooooo Logistics, a software application for management of last mile delivery and general operational logistics. It also provides Cartrack Field Service, a software application for management of field and on site workers; Business Intelligence for high-level view of fleet statistics; asset tracking for tracking and tracing moveable assets; asset recovery services that assists vehicle owners and insurance companies with the recovery of vehicles and other assets; and insurance telematics that allows insurers to tailor premiums for commercial and consumer customers using analytics; Protector, a safety package for consumer vehicles; and Car Watch, a mobile application that lets users track and watch their vehicles. In addition, the company offers specialist mobility solutions that include Bike Track, a GPS-based solution for commercial motorbike fleets; Credit Management that predicts payment cycles and facilitate active credit management for asset-based vehicle finance; electronic monitoring services application that allows law enforcement agencies to monitor persons of interest; and mobility and monitoring solutions, such as Carzuka, cartrack insurance agency, and on-demand rideshare taxi application, as well as smart IoT products. It provides its solutions through direct sales force to consumers and sole proprietors, small and medium-sized businesses, large enterprises, and other connected devices. Karooooo Ltd. was founded in 2001 and is headquartered in Singapore.",Mr. Isaias Jose  Calisto,Software - Application,53.47,USD,1651506502,https://images.financialmodelingprep.com/symbol/KARO.png,25509,2021-04-01,32.41,-1.15,26473,1810868000,738191000,"[{'period': '2024', 'revenue': 4210.0, 'unit': 'M', 'net_profit': 738.19}, {'period': '2023', 'revenue': 3510.0, 'unit': 'M', 'net_profit': 597.15}, {'period': '2022', 'revenue': 2750.0, 'unit': 'M', 'net_profit': 449.95}, {'period': '2021', 'revenue': 2290.0, 'unit': 'M', 'net_profit': 497.42}]","[{'period': ""Q3 '25"", 'revenue': 1160.0, 'unit': 'M', 'net_profit': 237.26}, {'period': ""Q2 '25"", 'revenue': 1110.0, 'unit': 'M', 'net_profit': 211.54}, {'period': ""Q1 '25"", 'revenue': 1080.0, 'unit': 'M', 'net_profit': 221.58}, {'period': ""Q4 '24"", 'revenue': 1090.0, 'unit': 'M', 'net_profit': 210.69}, {'period': ""Q3 '24"", 'revenue': 1080.0, 'unit': 'M', 'net_profit': 196.34}, {'period': ""Q2 '24"", 'revenue': 1040.0, 'unit': 'M', 'net_profit': 173.68}]",23.85,23.85,4306973000,1460221000,459527000,1304511000,388867000,0,940439000,459527000,27472000,0.19684949858859283,0.23618402653926213,0.23639191290824274,"[1.08, 0.6]","['2024-08-08', '2022-09-01']",__nan__,0.30288348684795563
