,symbol,name,description__profile,ceo__profile,industry__profile,price__profile,currency__profile,mktCap__profile,image__profile,volAvg__profile,ipoDate__profile,pe__quote,change__quote,volume__quote,ebitda__income_statement,netIncome__income_statement,annual_earnings,quaterly_earnings,eps__income_statement,epsdiluted__income_statement,totalAssets__balance_sheet_statement,totalCurrentAssets__balance_sheet_statement,cashAndShortTermInvestments__balance_sheet_statement,totalLiabilities__balance_sheet_statement,netReceivables__balance_sheet_statement,longTermInvestments__balance_sheet_statement,totalCurrentLiabilities__balance_sheet_statement,cashAndCashEquivalents__balance_sheet_statement,freeCashFlow__cash_flow_statement,growthEBITDA__income_statement_growth,growthNetIncome__income_statement_growth,growthEPS__income_statement_growth,dividend__historical-price-full/stock_dividend,date__historical-price-full/stock_dividend,derived__netIncomeMargin,derived__debtRatio
0,QTRX,Quanterix Corporation Common Stock,"Quanterix Corporation, a life sciences company, engages in development and marketing of digital immunoassay platforms that advances precision health for life sciences research and diagnostics in North America, Europe, the Middle East, Africa, and the Asia Pacific regions. It offers HD-X instrument, a sensitive automated multiplex protein detection platform; and SR-X instrument that enables researchers to apply Simoa detection technology in various applications, including direct detection of nucleic acids. The company also provides SP-X instrument that is based on Simoa planar array technology for the measurement of multiplex chemiluminescent immunoassays. The company's products include assay kits and other consumables such as reagents. In addition, it offers contract research services, including sample testing, homebrew assay development, and custom development services. The company primarily operates in the areas of neurology, oncology, cardiology, infectious diseases, and inflammation. It sells its products for the life science research sector primarily to laboratories associated with academic and governmental research institutions, as well as pharmaceutical, biotechnology, and contract research companies through a direct sales force, support organizations, and distributors or sales agents. The company was formerly known as Digital Genomics, Inc. and changed its name to Quanterix Corporation in August 2007. Quanterix Corporation was incorporated in 2007 and is headquartered in Billerica, Massachusetts.",Dr. Masoud  Toloue Ph.D.,Medical - Devices,4.81,USD,186769414,https://images.financialmodelingprep.com/symbol/QTRX.png,784931,2017-12-07,-3.88,-0.18,789472,-44260000,-38531000,"[{'period': '2024', 'revenue': 135.44, 'unit': 'M', 'net_profit': -38.53}, {'period': '2023', 'revenue': 122.37, 'unit': 'M', 'net_profit': -32.33}, {'period': '2022', 'revenue': 104.95, 'unit': 'M', 'net_profit': -96.7}, {'period': '2021', 'revenue': 110.56, 'unit': 'M', 'net_profit': -57.69}]","[{'period': ""Q1 '25"", 'revenue': 30.33, 'unit': 'M', 'net_profit': -20.5}, {'period': ""Q4 '24"", 'revenue': 35.16, 'unit': 'M', 'net_profit': -11.63}, {'period': ""Q3 '24"", 'revenue': 35.41, 'unit': 'M', 'net_profit': -8.35}, {'period': ""Q2 '24"", 'revenue': 34.38, 'unit': 'M', 'net_profit': -9.47}, {'period': ""Q1 '24"", 'revenue': 32.07, 'unit': 'M', 'net_profit': -10.07}, {'period': ""Q4 '23"", 'revenue': 31.55, 'unit': 'M', 'net_profit': -12.41}]",-1,-1,406533000,363594000,289122000,76495000,32141000,0,42007000,56709000,-38532000,-0.16204578869985298,-0.19165584214758458,-0.16279069767441862,__nan__,__nan__,__nan__,0.18816430646466584
1,QTT,Qutoutiao Inc. American Depositary Shares,"Qutoutiao Inc. operates mobile platforms for the distribution, consumption, and sharing of light entertainment content in the People's Republic of China. The company operates Qutoutiao, a mobile application that aggregates articles and videos from content providers and presents real-time customized feeds to users, as well as provides online data processing and transaction processing services. It also offers Midu Novels, a mobile literature application that offers users free literature supported by advertising, as well as Midu Lite mobile literature application. The company was formerly known as Qtech Ltd. and changed its name to Qutoutiao Inc. in July 2018. Qutoutiao Inc. was founded in 2016 and is headquartered in Shanghai, China.",Mr. Siliang  Tan,Internet Content & Information,0.182,USD,5583268,https://images.financialmodelingprep.com/symbol/QTT.png,155788,2018-09-14,-0.10167597765363129,-0.1136,4480227,15105000,-185313000,"[{'period': '2023', 'revenue': 745.56, 'unit': 'M', 'net_profit': -185.31}, {'period': '2022', 'revenue': 1080.0, 'unit': 'M', 'net_profit': -914.77}, {'period': '2021', 'revenue': 4.34, 'unit': 'B', 'net_profit': -1.24}, {'period': '2020', 'revenue': 5.29, 'unit': 'B', 'net_profit': -1.1}]",[],-6.05,-6.05,413411000,348996000,74648000,2767669000,230777000,0,807853000,74648000,-65752000,1.0443167215307974,0.7974205453410541,0.0,__nan__,__nan__,__nan__,6.694715428471908
2,QUIK,QuickLogic Corporation Common Stock,"QuickLogic Corporation, a semiconductor company, develops semiconductor platforms and intellectual property solutions for smartphones, wearable, hearable, tablets, and the Internet-of-Things devices. It also provides flexible sensor processing solutions, ultra-low power display bridges, ultra-low power field programmable gate arrays (FPGAs); and analytics toolkit, an end-to-end software suite that offers processes for developing pattern matching sensor algorithms using machine learning technology, as well as programming hardware and design software solutions. The company's products include pASIC 3, QuickRAM, QuickPCI, EOS, QuickAI, SensiML Analytics Studio, ArcticLink III, PolarPro 3, PolarPro II, PolarPro, and Eclipse II, as well as silicon platforms, IP cores, software drivers, firmware, and application software. It delivers its solutions through ultra-low power customer programmable System on Chip (SoC) semiconductor solutions, embedded software, and algorithm solutions for always-on voice and sensor processing, and enhanced visual experiences. In addition, the company licenses FPGA technology for use in other semiconductor companies SoCs. It markets and sells its products to original equipment manufacturers and original design manufacturers through a network of sales managers and distributors in North America, Europe, and the Asia Pacific. QuickLogic Corporation was founded in 1988 and is headquartered in San Jose, California.",Mr. Brian C. Faith,Semiconductors,5.34,USD,84564774,https://images.financialmodelingprep.com/symbol/QUIK.png,170270,1999-10-18,-13.02,-0.2,168647,-637667,-3841000,"[{'period': '2024', 'revenue': 20.11, 'unit': 'M', 'net_profit': -3.84}, {'period': '2023', 'revenue': 21200.0, 'unit': 'K', 'net_profit': -263.0}, {'period': '2022', 'revenue': 16.18, 'unit': 'M', 'net_profit': -4.27}, {'period': '2021', 'revenue': 12.69, 'unit': 'M', 'net_profit': -6.62}]","[{'period': ""Q1 '25"", 'revenue': 4.33, 'unit': 'M', 'net_profit': -2.19}, {'period': ""Q4 '24"", 'revenue': 5710.0, 'unit': 'K', 'net_profit': -305.0}, {'period': ""Q3 '24"", 'revenue': 4.27, 'unit': 'M', 'net_profit': -2.09}, {'period': ""Q2 '24"", 'revenue': 4.13, 'unit': 'M', 'net_profit': -1.55}, {'period': ""Q1 '24"", 'revenue': 6010.0, 'unit': 'K', 'net_profit': 108.0}, {'period': ""Q4 '23"", 'revenue': 7.48, 'unit': 'M', 'net_profit': 2.04}]",-0.26,-0.26,51933000,29604000,21880000,27046000,5118000,300000,25397000,21880000,-6438000,-1.2874963931469792,-13.604562737642585,-12.333333333333334,__nan__,__nan__,__nan__,0.5207863978587796
3,QUMU,Qumu Corporation Common Stock,"Qumu Corporation provides tools to create, manage, secure, distribute, and measure live and on-demand video content for the enterprises. It offers perpetual software licenses, cloud-hosted software as a service, or term software license basis; and sells third-party hardware appliances, as well as provides maintenance and support, and professional and training services. The company's platform provides video capture services; video content management services, such as creation and editing, analytics, automated workflows, security and access control, and speech search; and extensions and add-ons. It serves the banking, finance and insurance, manufacturing, services and consulting, telecom and technology, and biotech and health care markets, as well as government customers through direct sales and channel partners in North America, Europe, and Asia. The company was formerly known as Rimage Corporation and changed its name to Qumu Corporation in September 2013. Qumu Corporation was founded in 1978 and is headquartered in Minneapolis, Minnesota.",Mr. Thomas A. Krueger,Software - Application,0.8988,USD,0,https://images.financialmodelingprep.com/symbol/QUMU.png,222505,1992-11-05,0.0,-0.001,45531,-15874000,-16365000,"[{'period': '2021', 'revenue': 24.02, 'unit': 'M', 'net_profit': -16.36}, {'period': '2020', 'revenue': 29.07, 'unit': 'M', 'net_profit': -9.2}, {'period': '2019', 'revenue': 25.36, 'unit': 'M', 'net_profit': -6.44}, {'period': '2018', 'revenue': 25.01, 'unit': 'M', 'net_profit': -3.62}]","[{'period': ""Q3 '22"", 'revenue': 5.47, 'unit': 'M', 'net_profit': -1.37}, {'period': ""Q2 '22"", 'revenue': 5.13, 'unit': 'M', 'net_profit': -2.62}, {'period': ""Q1 '22"", 'revenue': 4.94, 'unit': 'M', 'net_profit': -4.64}, {'period': ""Q4 '21"", 'revenue': 5.91, 'unit': 'M', 'net_profit': -3.85}, {'period': ""Q3 '21"", 'revenue': 6.42, 'unit': 'M', 'net_profit': -3.75}, {'period': ""Q2 '21"", 'revenue': 5.87, 'unit': 'M', 'net_profit': -4.32}]",-1.2,-1.2,37096000,27458000,20563000,2271000,3709000,0,22229000,20563000,-17647000,-1.0055590650663297,-0.778804347826087,-0.764705882352941,"[0.17, 0.1]","['2012-08-29', '2011-03-29']",__nan__,0.06121953849471641
