,symbol,name,description__profile,ceo__profile,industry__profile,price__profile,currency__profile,mktCap__profile,image__profile,volAvg__profile,ipoDate__profile,pe__quote,change__quote,volume__quote,ebitda__income_statement,netIncome__income_statement,annual_earnings,quaterly_earnings,eps__income_statement,epsdiluted__income_statement,totalAssets__balance_sheet_statement,totalCurrentAssets__balance_sheet_statement,cashAndShortTermInvestments__balance_sheet_statement,totalLiabilities__balance_sheet_statement,netReceivables__balance_sheet_statement,longTermInvestments__balance_sheet_statement,totalCurrentLiabilities__balance_sheet_statement,cashAndCashEquivalents__balance_sheet_statement,freeCashFlow__cash_flow_statement,growthEBITDA__income_statement_growth,growthNetIncome__income_statement_growth,growthEPS__income_statement_growth,dividend__historical-price-full/stock_dividend,date__historical-price-full/stock_dividend,derived__netIncomeMargin,derived__debtRatio
0,DCRBU,Decarbonization Plus Acquisition Corporation Unit,"Decarbonization Plus Acquisition Corporation does not have significant operations. It intends to effect a merger, capital stock exchange, asset acquisition, stock purchase, reorganization, or other business combination with one or more businesses. The company was formerly known as Silver Run Acquisition Corporation III and changed its name to Decarbonization Plus Acquisition Corporation in August 2020. Decarbonization Plus Acquisition Corporation was founded in 2017 and is based in Menlo Park, California.",Mr. Erik J. Anderson,Shell Companies,11.15,USD,2780653900,https://images.financialmodelingprep.com/symbol/DCRBU.png,3615,2020-10-20,-15.99713055954089,0.0499992,4754,-180541000,-184042000,"[{'period': '2023', 'revenue': 0.295, 'unit': 'M', 'net_profit': -184.04}, {'period': '2022', 'revenue': 3.73, 'unit': 'M', 'net_profit': -54.51}, {'period': '2021', 'revenue': 6.05, 'unit': 'M', 'net_profit': 69.39}, {'period': '2020', 'revenue': 0.0, 'unit': 'M', 'net_profit': -14.31}]","[{'period': ""Q3 '24"", 'revenue': 0.134, 'unit': 'M', 'net_profit': -41.32}, {'period': ""Q2 '24"", 'revenue': 0.313, 'unit': 'M', 'net_profit': -50.79}, {'period': ""Q1 '24"", 'revenue': 9.98, 'unit': 'M', 'net_profit': -34.23}, {'period': ""Q4 '23"", 'revenue': 0.295, 'unit': 'M', 'net_profit': -49.49}, {'period': ""Q3 '23"", 'revenue': 0.0, 'unit': 'M', 'net_profit': -44.05}, {'period': ""Q2 '23"", 'revenue': 0.046, 'unit': 'M', 'net_profit': -60.25}]",-37.5,-37.5,191135000,152523000,112280000,61135000,2460000,9145000,42553000,112280000,-143455000,-0.044803500020254745,-2.37611212004476,-169.45454545454547,__nan__,__nan__,__nan__,0.31985246030292724
1,DCRBW,Decarbonization Plus Acquisition Corporation Warrant,,,,,,,,,,,,,-5476998,-5476998,"[{'period': '2020', 'revenue': 0.0, 'unit': 'M', 'net_profit': -5.48}, {'period': '2019', 'revenue': 0.0, 'unit': 'K', 'net_profit': -216.96}, {'period': '2018', 'revenue': 0.0, 'unit': '', 'net_profit': -462.0}]","[{'period': ""Q2 '21"", 'revenue': 0.0, 'unit': 'M', 'net_profit': -8.18}, {'period': ""Q1 '21"", 'revenue': 0.0, 'unit': 'M', 'net_profit': -1.11}, {'period': ""Q2 '20"", 'revenue': 0.0, 'unit': 'K', 'net_profit': -2.58}, {'period': ""Q1 '20"", 'revenue': 0.0, 'unit': '', 'net_profit': -859.0}]",0.0,0.0,226789721,0,0,221789718,0,0,5072192,0,-1644507,-24.244275442477875,-24.244275442477875,0.0,__nan__,__nan__,__nan__,0.9779531321880325
2,DCRC,Decarbonization Plus Acquisition Corporation III Class A Common Stock,"Decarbonization Plus Acquisition Corp III, a blank check company, intends to effect a merger, capital stock exchange, asset acquisition, stock purchase, reorganization, or related business combination with one or more businesses or entities. The company is based in Menlo Park, California.",Mr. Erik J. Anderson,Shell Companies,13.01,USD,0,https://images.financialmodelingprep.com/symbol/DCRC.png,1965357,2021-05-14,0,1.0100002,2175624,,,[],"[{'period': ""Q3 '21"", 'revenue': 0.000628, 'unit': 'M', 'net_profit': 5.79}, {'period': ""Q2 '21"", 'revenue': 0.0, 'unit': 'M', 'net_profit': -44.43}]",,,124.852,111.017,109.272,515.832,0,0,4.481,109.272,,,,,__nan__,__nan__,__nan__,4.131547752539006
3,DCRCU,Decarbonization Plus Acquisition Corporation III Unit,"Decarbonization Plus Acquisition Corp III, a blank check company, intends to effect a merger, capital stock exchange, asset acquisition, stock purchase, reorganization, or related business combination with one or more businesses or entities. The company is based in Menlo Park, California.",Mr. Erik J. Anderson,Shell Companies,14.785,USD,0,https://images.financialmodelingprep.com/symbol/DCRCU.png,15355,2021-03-24,0,1.455,29289,,,[],"[{'period': ""Q3 '21"", 'revenue': 0.000628, 'unit': 'M', 'net_profit': 5.79}, {'period': ""Q2 '21"", 'revenue': 0.0, 'unit': 'M', 'net_profit': -44.43}]",,,124.852,111.017,109.272,515.832,0,0,4.481,109.272,,,,,__nan__,__nan__,__nan__,4.131547752539006
