,symbol,name,description__profile,ceo__profile,industry__profile,price__profile,currency__profile,mktCap__profile,image__profile,volAvg__profile,ipoDate__profile,pe__quote,change__quote,volume__quote,ebitda__income_statement,netIncome__income_statement,annual_earnings,quaterly_earnings,eps__income_statement,epsdiluted__income_statement,totalAssets__balance_sheet_statement,totalCurrentAssets__balance_sheet_statement,cashAndShortTermInvestments__balance_sheet_statement,totalLiabilities__balance_sheet_statement,netReceivables__balance_sheet_statement,longTermInvestments__balance_sheet_statement,totalCurrentLiabilities__balance_sheet_statement,cashAndCashEquivalents__balance_sheet_statement,freeCashFlow__cash_flow_statement,growthEBITDA__income_statement_growth,growthNetIncome__income_statement_growth,growthEPS__income_statement_growth,dividend__historical-price-full/stock_dividend,date__historical-price-full/stock_dividend,derived__netIncomeMargin,derived__debtRatio
0,CWK,Cushman & Wakefield plc Ordinary Shares,"Cushman & Wakefield plc, together with its subsidiaries, provides commercial real estate services under the Cushman & Wakefield brand in the United States, Australia, the United Kingdom, and internationally. The company operates through Americas; Europe, Middle East, and Africa; and Asia Pacific segments. It offers integrated facilities management, project and development, portfolio administration, transaction management, and strategic consulting services; property management services, including client accounting, engineering and operations, lease compliance administration, project and development, and sustainability services; and self-performed facilities services, which include janitorial, maintenance, critical environment management, landscaping, and office services. The company also provides owner representation and tenant representation leasing services; capital market services, including investment sales and equity, and debt and structured financing for real estate purchase and sales transactions; and appraisal management, investment management, valuation advisory, portfolio advisory, diligence advisory, dispute analysis and litigation support, financial reporting, and property and/or portfolio valuation services on real estate debt and equity decisions. Cushman & Wakefield has strategic partnerships with Vanke Service (Hong Kong) Co., Limited. It serves real estate owners and occupiers, such as tenants, investors, and multi-national corporations. Cushman & Wakefield plc was founded in 1784 and is based in London, the United Kingdom.",Ms. Michelle Marie MacKay,Real Estate - Services,9.52,USD,2201852240,https://images.financialmodelingprep.com/symbol/CWK.png,2397754,2018-08-02,13.6,-0.72,1423500,501900000,131300000,"[{'period': '2024', 'revenue': 9450.0, 'unit': 'M', 'net_profit': 131.3}, {'period': '2023', 'revenue': 9490.0, 'unit': 'M', 'net_profit': -35.4}, {'period': '2022', 'revenue': 10110.0, 'unit': 'M', 'net_profit': 196.4}, {'period': '2021', 'revenue': 9390.0, 'unit': 'M', 'net_profit': 250.0}]","[{'period': ""Q1 '25"", 'revenue': 2280.0, 'unit': 'M', 'net_profit': 1.9}, {'period': ""Q4 '24"", 'revenue': 2630.0, 'unit': 'M', 'net_profit': 112.9}, {'period': ""Q3 '24"", 'revenue': 2340.0, 'unit': 'M', 'net_profit': 33.7}, {'period': ""Q2 '24"", 'revenue': 2290.0, 'unit': 'M', 'net_profit': 13.5}, {'period': ""Q1 '24"", 'revenue': 2180.0, 'unit': 'M', 'net_profit': -28.8}, {'period': ""Q4 '23"", 'revenue': 2550.0, 'unit': 'M', 'net_profit': 69.8}]",0.57,0.56,7549200000,2690400000,793300000,5793800000,1352400000,723600000,2329900000,793300000,167000000,0.014964610717896865,4.709039548022599,4.5625,__nan__,__nan__,__nan__,0.767472050018545
1,CWT,California Water Service Group Common Stock,"California Water Service Group, through its subsidiaries, provides water utility and other related services in California, Washington, New Mexico, Hawaii, and Texas. The company is involved in the production, purchase, storage, treatment, testing, distribution, and sale of water for domestic, industrial, public, and irrigation uses, as well as for fire protection. It offers its services to approximately 494,500 customer connections in 100 California communities; approximately 6,200 water and wastewater customer connections on the islands of Maui and Hawaii; approximately 36,400 customer connections in the Tacoma, Olympia, Graham, Spanaway, Puyallup, and Gig Harbor areas; and approximately 8,600 water and wastewater customer connections in the Belen, Los Lunas, Indian Hills, and Elephant Butte areas in New Mexico. The company also engages in the provision of non-regulated water-related services, including operating of municipally owned water systems, privately owned water, and recycled water distribution systems; water system operation, meter reading, and billing services to private companies and municipalities; leasing of communication antenna sites on its properties to telecommunication companies; and billing of optional third-party insurance programs to its residential customers, as well as provides lab services. In addition, it offers wastewater collection and treatment services. The company was founded in 1926 and is headquartered in San Jose, California.",Mr. Martin A. Kropelnicki,Regulated Water,47.41,USD,2824218441,https://images.financialmodelingprep.com/symbol/CWT.png,397150,1990-03-26,20.98,-0.57,247276,424263000,190807000,"[{'period': '2024', 'revenue': 1040.0, 'unit': 'M', 'net_profit': 190.81}, {'period': '2023', 'revenue': 794.63, 'unit': 'M', 'net_profit': 51.91}, {'period': '2022', 'revenue': 846.43, 'unit': 'M', 'net_profit': 96.01}, {'period': '2021', 'revenue': 790.91, 'unit': 'M', 'net_profit': 101.12}]","[{'period': ""Q1 '25"", 'revenue': 203.97, 'unit': 'M', 'net_profit': 13.33}, {'period': ""Q4 '24"", 'revenue': 222.19, 'unit': 'M', 'net_profit': 19.66}, {'period': ""Q3 '24"", 'revenue': 299.56, 'unit': 'M', 'net_profit': 60.68}, {'period': ""Q2 '24"", 'revenue': 244.3, 'unit': 'M', 'net_profit': 40.55}, {'period': ""Q1 '24"", 'revenue': 270.75, 'unit': 'M', 'net_profit': 69.92}, {'period': ""Q4 '23"", 'revenue': 214.51, 'unit': 'M', 'net_profit': 30.13}]",3.26,3.25,5180283000,324136000,50121000,3541997000,0,0,538364000,50121000,-179933000,0.9502937417830448,2.675656411935813,2.582417582417582,"[0.3, 5.2]","['2025-05-12', '1985-02-01']",__nan__,0.6837458494062969
2,CX,Cemex S.A.B. de C.V. Sponsored ADR,"CEMEX, S.A.B. de C.V., together with its subsidiaries, produces, markets, distributes, and sells cement, ready-mix concrete, aggregates, urbanization solutions, and other construction materials worldwide. The company also offers various complementary construction products, including asphalt products; concrete blocks; roof tiles; architectural products; concrete pipes for storm and sanitary sewers applications; and other precast products, such as rail products, concrete floors, box culverts, bridges, drainage basins, barriers, and parking curbs. In addition, it provides building solutions for housing solutions, pavement solutions, and green building services; cement trade maritime services; and information technology solutions. The company operates approximately 2,000 retail stores. CEMEX, S.A.B. de C.V. was founded in 1906 and is headquartered in San Pedro Garza García, Mexico.",Mr. Jaime Muguiro Domínguez,Construction Materials,7.01,USD,10170318090,https://images.financialmodelingprep.com/symbol/CX.png,14912093,1999-09-15,13.23,-0.02,16065379,2675000000,939000000,"[{'period': '2024', 'revenue': 16200.0, 'unit': 'M', 'net_profit': 939.0}, {'period': '2023', 'revenue': 17390.0, 'unit': 'M', 'net_profit': 182.0}, {'period': '2022', 'revenue': 15580.0, 'unit': 'M', 'net_profit': 858.0}, {'period': '2021', 'revenue': 14550.0, 'unit': 'M', 'net_profit': 753.0}]","[{'period': ""Q1 '25"", 'revenue': 3650.0, 'unit': 'M', 'net_profit': 733.96}, {'period': ""Q4 '24"", 'revenue': 3810.0, 'unit': 'M', 'net_profit': 48.31}, {'period': ""Q3 '24"", 'revenue': 4090.0, 'unit': 'M', 'net_profit': 405.72}, {'period': ""Q2 '24"", 'revenue': 4490.0, 'unit': 'M', 'net_profit': 230.39}, {'period': ""Q1 '24"", 'revenue': 4140.0, 'unit': 'M', 'net_profit': 254.4}, {'period': ""Q4 '23"", 'revenue': 4220.0, 'unit': 'M', 'net_profit': -441.16}]",0.58,0.61,27299000000,5016000000,864000000,14822000000,1739000000,758000000,6092000000,864000000,894000000,-0.17869204789683757,4.15934065934066,3.653225806451613,"[0.02067, 0.8]","['2025-03-10', '2000-05-04']",__nan__,0.5429502912194586
3,CXE,MFS High Income Municipal Trust Common Stock,"MFS High Income Municipal Trust is a close ended fixed income mutual fund launched and managed by Massachusetts Financial Services Company. The fund invests in the fixed income markets. It primarily invests in municipal bonds and local general obligations of various sectors, such as multifamily, hospitals, care retirement, and investor-owned utilities. The fund benchmarks the performance of its portfolio against Barclays Municipal Bond Index. It was formerly known as Colonial High Income Municipal Trust. MFS High Income Municipal Trust was formed on February 17, 1989 and is domiciled in United States.",Ms. Robin Ann Stelmach,Asset Management - Income,3.5,USD,110340300,https://images.financialmodelingprep.com/symbol/CXE.png,77363,1989-02-17,6.73,-0.0501,138885,20069590,16374576,"[{'period': '2024', 'revenue': 16.29, 'unit': 'M', 'net_profit': 16.37}, {'period': '2023', 'revenue': 10.24, 'unit': 'M', 'net_profit': 2.45}, {'period': '2022', 'revenue': -34.22, 'unit': 'M', 'net_profit': -34.27}, {'period': '2021', 'revenue': 12.66, 'unit': 'M', 'net_profit': 12.6}]","[{'period': ""Q4 '24"", 'revenue': 4.15, 'unit': 'M', 'net_profit': 11.06}, {'period': ""Q2 '24"", 'revenue': 5.05, 'unit': 'M', 'net_profit': 5.31}, {'period': ""Q4 '23"", 'revenue': 7800.0, 'unit': 'K', 'net_profit': 479.43}, {'period': ""Q2 '23"", 'revenue': 2.44, 'unit': 'M', 'net_profit': 1.97}, {'period': ""Q4 '22"", 'revenue': 2.44, 'unit': 'M', 'net_profit': -11.12}, {'period': ""Q2 '22"", 'revenue': 3.45, 'unit': 'M', 'net_profit': -23.15}]",0.0,0.0,219222837,64451,64451,82251987,3343057,215812733,0,64451,5600989,0.0,5.679127624200319,-1.0,"[0.017, 0.0438]","['2025-05-13', '1989-03-27']",__nan__,0.3751980775616
