,Symbol,Name,description__profile,ceo__profile,industry__profile,price__profile,currency__profile,mktCap__profile,image__profile,volAvg__profile,pe__quote,change__quote,volume__quote,ebitda__income_statement,netIncome__income_statement,annual_earnings,quaterly_earnings,eps__income_statement,epsdiluted__income_statement,totalAssets__balance_sheet_statement,totalCurrentAssets__balance_sheet_statement,cashAndShortTermInvestments__balance_sheet_statement,totalLiabilities__balance_sheet_statement,netReceivables__balance_sheet_statement,longTermInvestments__balance_sheet_statement,totalCurrentLiabilities__balance_sheet_statement,cashAndCashEquivalents__balance_sheet_statement,freeCashFlow__cash_flow_statement,growthEBITDA__income_statement_growth,growthNetIncome__income_statement_growth,growthEPS__income_statement_growth,dividend__historical-price-full/stock_dividend,date__historical-price-full/stock_dividend,derived__netIncomeMargin,derived__debtRatio
0,JHS,John Hancock Income Securities Trust Common Stock,"John Hancock Income Securities Trust is a closed ended fixed income mutual fund launched and managed by John Hancock Investment Management LLC. It is co-managed by John Hancock Asset Management. The fund invests in the fixed income markets of United States. It invests primarily in corporate and government bonds with average maturity of 7.57 years. The fund benchmarks the performance of its portfolios against the Lehman Brothers Government/ Credit Bond Index. John Hancock Income Securities Trust was formed in February 14, 1973 and is domiciled in United States.",Mr. Howard C. Greene C.F.A.,Asset Management - Income,11.09,USD,129160794,https://images.financialmodelingprep.com/symbol/JHS.png,12768,6.8,-0.1136,12168,0,18911238,"[{'period': '2024', 'revenue': 19.18, 'unit': 'M', 'net_profit': 18.91}, {'period': '2023', 'revenue': 10970.0, 'unit': 'K', 'net_profit': 273.29}, {'period': '2022', 'revenue': -42.0, 'unit': 'M', 'net_profit': -42.26}, {'period': '2021', 'revenue': 10.0, 'unit': 'M', 'net_profit': 9.67}]","[{'period': ""Q2 '24"", 'revenue': 4.01, 'unit': 'M', 'net_profit': 11.33}, {'period': ""Q4 '23"", 'revenue': 0.24641, 'unit': 'M', 'net_profit': -10.97}, {'period': ""Q3 '23"", 'revenue': 2.78, 'unit': 'M', 'net_profit': -5.49}, {'period': ""Q2 '23"", 'revenue': -3.24, 'unit': 'M', 'net_profit': 11.25}, {'period': ""Q1 '23"", 'revenue': 2.7, 'unit': 'M', 'net_profit': 5.62}, {'period': ""Q4 '22"", 'revenue': -2.34, 'unit': 'M', 'net_profit': -17.44}]",1.62,1.62,233985790,17475,17475,92873178,3336345,230614164,0,17475,5411716,1,68.19867978586771,67.93617021276596,"[0.2017, 0.368]","['2024-12-12', '1987-01-12']",__nan__,0.3969180265177642
1,JHX,James Hardie Industries plc American Depositary Shares (Ireland),"James Hardie Industries plc, together with its subsidiaries, manufactures and sells fiber cement, fiber gypsum, and cement bonded building products for interior and exterior building construction applications primarily in the United States, Australia, Europe, New Zealand, the Philippines, and Canada. The company operates through three segments: North America Fiber Cement, Asia Pacific Fiber Cement, and Europe Building Products. It offers fiber cement interior linings, exterior siding products, and related accessories; and various fiber cement building materials for a range of applications, including external siding, internal walls, floors, ceilings, soffits, trim, fences, and facades. The company also provides fiber gypsum and cement-bonded boards for applications, such as timber frame construction, dry lining, DIY, and structural fire protection. Its products are used in various markets comprising new residential construction and commercial construction markets. James Hardie Industries plc was founded in 1888 and is based in Dublin, Ireland.",Mr. Aaron M. Erter,Construction Materials,30.75,USD,13205275142,https://images.financialmodelingprep.com/symbol/JHX.png,92832,30.45,-0.37,117952,976072436,510200000,"[{'period': '2024', 'revenue': 3940.0, 'unit': 'M', 'net_profit': 510.2}, {'period': '2023', 'revenue': 3780.0, 'unit': 'M', 'net_profit': 512.0}, {'period': '2022', 'revenue': 3610.0, 'unit': 'M', 'net_profit': 459.1}, {'period': '2021', 'revenue': 2910.0, 'unit': 'M', 'net_profit': 262.8}]","[{'period': ""Q2 '25"", 'revenue': 960.8, 'unit': 'M', 'net_profit': 83.4}, {'period': ""Q1 '25"", 'revenue': 990.97, 'unit': 'M', 'net_profit': 155.3}, {'period': ""Q4 '24"", 'revenue': 1000.0, 'unit': 'M', 'net_profit': 55.6}, {'period': ""Q3 '24"", 'revenue': 986.33, 'unit': 'M', 'net_profit': 145.1}, {'period': ""Q2 '24"", 'revenue': 998.8, 'unit': 'M', 'net_profit': 151.7}, {'period': ""Q1 '24"", 'revenue': 954.3, 'unit': 'M', 'net_profit': 157.8}]",1.16,1.16,4912600000,1428400000,365000000,3053700000,371200000,29400000,797700000,365000000,464900000,0.0447792520063938,-0.003515625,0.008695652173913052,"[0.3, 0.25]","['2022-05-26', '2001-12-03']",__nan__,0.6216056670602125
2,JIH,Juniper Industrial Holdings Inc. Class A Common Stock,,,,,,,,,,,,-2167955,-2786637,"[{'period': '2020', 'revenue': 0.0, 'unit': 'M', 'net_profit': -2.79}]","[{'period': ""Q1 '21"", 'revenue': 0.0, 'unit': 'M', 'net_profit': -30.12}, {'period': ""Q2 '20"", 'revenue': 0.0, 'unit': 'K', 'net_profit': -207.23}, {'period': ""Q1 '20"", 'revenue': 0.0, 'unit': 'M', 'net_profit': 1.19}]",0.0,0.0,349398602,1925699,1789687,16270296,0,0,4195296,1789687,-991698,0,0.0,0.0,__nan__,__nan__,__nan__,0.0465665744134832
